@INPROCEEDINGS{djemaiel07,
author={Djemaiel, Yacine and Boudriga, Noureddine},
title={A global marking scheme for tracing cyber attacks},
booktitle={Proceedings of the 2007 ACM symposium on Applied computing},
year={2007},
pages={170--174}
}

@INCOLLECTION{peng07,
author={Peng, Dan and Shi, Zhicai and Tao, Longming and Ma, Wu},
title={Enhanced and Authenticated Deterministic Packet Marking for IP Traceback},
booktitle={Advanced Parallel Processing Technologies},
year={2007},
editor={Xu, Ming and Zhan, Yinwei and Cao, Jiannong and Liu, Yijun},
publisher={Springer Berlin / Heidelberg},
pages={508-517},
volume={4847}
}

@ARTICLE{gao05,
author={Gao, Z. and Ansari, N.},
title={Tracing cyber attacks from the practical perspective},
journal={IEEE Communications Magazine},
year={2005},
volume={43},
number={5},
pages={123--131}
}

@CONFERENCE{belenky03,
author={Belenky, A. and Ansari, N.},
title={Tracing multiple attackers with deterministic packet marking (DPM)},
booktitle={PACRIM: IEEE Pacific Rim Conference on Communications, Computers and signal Processing},
year={2003},
volume={1},
pages={49--52}
}

@ARTICLE{bhavani10,
author={Bhavani, Y. and Reddy, P.N.},
title={An Efficient IP Traceback Through Packet Marking Algorithm},
journal={International Journal of Network Security and Its Applications},
year={2010},
month={July},
volume={2},
number={3},
pages={132--142}
}

@CONFERENCE{goodrich02,
author={Goodrich, M.T.},
title={Efficient packet marking for large-scale IP traceback},
booktitle={Proceedings of the 9th ACM Conference on Computer and Communications Security},
year={2002},
pages={117--126}
}

@CONFERENCE{duwairi04,
author={Al-Duwairi, B. and Manimaran, G.},
title={A novel packet marking scheme for IP traceback},
booktitle={ICPADS 2004: Tenth International Conference on Parallel and Distributed Systems},
year={2004},
pages={195--202}
}

@INPROCEEDINGS{lin10,
author={DeShu Lin and TingLei Huang},
title={A Mobile-Agent Security Architecture},
booktitle={2nd Internationoal Conference on e-Business and Information System Security (EBISS)},
year={2010},
month={May},
pages={1--4},
}

@INPROCEEDINGS{sreedevi09,
author={Sreedevi, R.N. and Geeta, U.N. and Kulkarni, U.P. and Yardi, A.R.},
title={Enhancing Mobile Agent Applications with Security and Fault Tolerant Capabilities},
booktitle={IEEE International Advance Computing Conference},
year={2009},
month={March},
pages={992--996}
}

@INPROCEEDINGS{khan08,
author={Khan, A. and Xiamu Niu and Anwar, W. and Zhang Yong},
title={On the security properties and attacks against Mobile agent watermark encapsulation(MAWE)},
booktitle={SMC 2008: IEEE International Conference on Systems, Management and Cybernetics},
year={2008},
month={October},
pages={707--712}
}

@INPROCEEDINGS{kackley09,
author={Jeremy Kackley and Paulus Wahjudi},
title={Detecting and Combating Compromised Platforms in a Mobile Agent Infrastructure},
booktitle={Proceedings of the 2nd Cyberspace Research Workshop},
year={2009},
month={June},
pages={35--41}
}